@misc{jsp:wiki,
title={{Java Server Pages (JSP)}},
url={https://en.wikipedia.org/wiki/JavaServer\_Pages},
note="Accedido el 12-09-2017"
}

@misc{bonif:info,
title={{Bonificaciones del SEPE}},
url={https://www.sepe.es/contenidos/que\_es\_el\_sepe/publicaciones/pdf/pdf\_empleo/bonificaciones\_reducciones.pdf},	
note="Accedido el 12-09-2017"
}

@misc{bases:info,
title={{Bases y cotizaciones del SEPE}},
url={http://www.seg-social.es/Internet\_1/Trabajadores/CotizacionRecaudaci10777/Basesytiposdecotiza36537/index.htm},
note="Accedido el 12-09-2017"
}

@misc{tarifas:info,
title={{Tarifas de primas de A.T y E.P. del SEPE}},
url={http://www.seg-social.es/Internet\_1/Trabajadores/CotizacionRecaudaci10777/TarifadePrimasdeATy48410/index.htm},
note="Accedido el 12-09-2017"
}


@misc{licpost:info,
title={{Licencia PostgreSQL}},
url={https://www.postgresql.org/about/licence/},
note="Accedido el 12-09-2017"
}

@misc{licapa:info,
title={{Licencia Apache 2.0}},
url={https://www.apache.org/licenses/LICENSE-2.0},
note="Accedido el 12-09-2017"
}


@misc{licbsd:info,
title={{Licencia de tipo BSD}},
url={https://en.wikipedia.org/wiki/BSD\_licenses},
note="Accedido el 12-09-2017"
}

@misc{licjson:info,
title={{Licencia de JSON}},
url={https://github.com/stleary/JSON-java},
note="Accedido el 12-09-2017"
}

@misc{ieee:info,
title={{Especificación de requisitos según IEEE 830}},
url={https://www.fdi.ucm.es/profesor/gmendez/docs/is0809/ieee830.pdf},
note="Accedido el 12-09-2017"
}


@misc{req:info,
title={{Requirement, wikipedia}},
url={https://en.wikipedia.org/wiki/Requirement},
note="Accedido el 12-09-2017"
}


@misc{seq:info,
title={{Diagrama de secuencias, wikipedia}},
url={https://en.wikipedia.org/wiki/Sequence\_diagram},
note="Accedido el 12-09-2017"
}

@misc{mvc:wiki,
title={{Modelo-Vista-Controlador, wikipedia}},
url={https://en.wikipedia.org/wiki/Model\%E2\%80\%93view\%E2\%80\%93controller	},
note="Accedido el 12-09-2017"
}


@article{pgcron:info,
title = {{pg\_cron, extensión para añadir funcionalidad cron a PostgreSQL}},
url = {https://github.com/citusdata/pg\_cron},
note="Accedido el 12-09-2017"
}



@article{montero:info,
author = {Yusef Hassan, Francisco J. Martín Fernández y Ghzala Iazza},
title = {{Diseño Web Centrado en el Usuario: Usabilidad y Arquitectura de la Información [en linea]}},
url = {https://www.upf.edu/hipertextnet/numero-2/diseno\_web.html}
}

@article{installpost:info,
title = {{Configuración de PostgreSQL y PostGIS}},
url = {http://trac.osgeo.org/postgis/wiki/UsersWikiPostGIS23UbuntuPGSQL96Apt},
note="Accedido el 12-09-2017"
}

@article{installjava:info,
title = {{Instalación y configuración de Java y Glassfish sobre Ubuntu 16.04}},
url = {http://idroot.net/linux/install-glassfish-ubuntu-16-04/},
note="Accedido el 12-09-2017"
}

@article{servnet:info,
title = {{Adición de servidor glassfish a NetBeans}},
url = {https://docs.oracle.com/cd/E19798-01/821-1770/gioew/index.html},
note="Accedido el 12-09-2017"
}


@article{auto:info,
title = {{Despliegue del servidor Glassfish}},
url = {http://blog.payara.fish/how-to-deploy-an-application-on-payara-server-or-glassfishl},
note="Accedido el 12-09-2017"
}

