
@article{bortolot2005,
  title={Diseño Web Centrado en el Usuario: Usabilidad y Arquitectura de la Información},
  author={Yusef Hassan \& Francisco J. Martín Fernández \& Ghzala Iazza. Diseño Web Centrado en el Usuario: Usabilidad y Arquitectura de la Información [en linea]},
  journal={Hipertext.net},
  volume={2},
  year={2004},
}

@misc{mvc:wiki,
title = {{Modelo–vista–controlador - Wikipedia, la enciclopedia libre}},
url = {https://es.wikipedia.org/wiki/Modelo–vista–controlador},
note = "Accedido el 2017-09-12"
}

@misc{trips:info,
title = {{Google Trips}},
url = {https://get.google.com/trips/},
note = "Accedido el 2017-09-12"
}

@misc{carto:info,
title = {{Documentación, CARTO}},
url = {https://carto.com/docs/},
note = "Accedido el 2017-09-12"
}

@misc{weka:info,
title = {{Vania Bogorny's Home Page, Weka-STPM}},
url = {http://www.inf.ufsc.br/~vania.bogorny/software.html},
note = "Accedido el 2017-09-12"
}

@misc{epsg:wiki,
title = {{EPSG}},
url = {https://es.wikipedia.org/wiki/European\_Petroleum\_Survey\_Group},
note = "Accedido el 2017-09-10"
}

@misc{wgs84:wiki,
title = {{WGS84}},
url = {https://es.wikipedia.org/wiki/WGS84},
note = "Accedido el 2017-09-11"
}

@misc{wgs84:info,
title = {{QGIS, documentación.}},
url = {http://qgis.org/es/docs/index.html},
note = "Accedido el 2017-09-11"
}

@misc{qgis:info,
title = {{QGIS, documentación.}},
url = {http://qgis.org/es/docs/index.html},
note = "Accedido el 2017-09-11"
}

@misc{wgs84:wiki,
title = {{Sistema de coordenadas geográficas.}},
url = {https://en.wikipedia.org/wiki/Geographic\_coordinate\_system},
note = "Accedido el 2017-09-10"
}

@misc{ubuntu:info,
title = {{Ubuntu Desktop.}},
url = {https://www.ubuntu.com/desktop},
note = "Accedido el 2017-09-14"
}

@misc{openlayers:info,
title = {{OpenLayers, documentación.}},
url = {https://openlayers.org/en/latest/doc/},
note = "Accedido el 2017-09-08"
}

@misc{wgs84:info,
title = {{Geolife, building social networks.}},
url = {https://www.microsoft.com/en-us/research/project/geolife-building-social-networks-using-human-location-history/,
note = "Accedido el 2017-09-06"
}

@misc{osm:wiki,
title = {{OpenStreetMap.}},
url = {https://es.wikipedia.org/wiki/OpenStreetMap},
note = "Accedido el 2017-09-12"
}

@misc{osmosis:wiki,
title = {{Osmosis. OpenStreetMap.}},
url = {http://wiki.openstreetmap.org/wiki/Osmosis},
note = "Accedido el 2017-09-10"
}

@misc{postgres:info,
title = {{PostgreSQL.}},
url = {https://www.postgresql.org/},
note = "Accedido el 2017-09-08"
}

@misc{postgis:wiki,
title = {{PostGIS.}},
url = {https://es.wikipedia.org/wiki/PostGIS},
note = "Accedido el 2017-09-08"
}

@misc{jsp:wiki,
title = {{JSP.}},
url = {https://en.wikipedia.org/wiki/JavaServer\_Pages},
note = "Accedido el 2017-09-08"
}

@misc{servlet:wiki,
title = {{Servlet.}},
url = {https://en.wikipedia.org/wiki/Java\_servlet},
note = "Accedido el 2017-09-08"
}
