
@misc{trips:info,
title = {{Google Trips}},
url = {https://get.google.com/trips/},
note = "Accedido el 2017-09-12"
}
